@article{DesignConcept,
archivePrefix = {arXiv},
arxivId = {arXiv:1008.3703v3},
author = {Consortium, C T A and Actis, M and Agnetta, G and Aharonian, F and Akhperjanian, A},
eprint = {arXiv:1008.3703v3},
file = {:C$\backslash$:/Users/Jan.Jan-Desktop/AppData/Local/Mendeley Ltd./Mendeley Desktop/Downloaded/8273527134f52968edd20c25a91ce9addeca4932.pdf:pdf},
title = {{Design Concepts for the Cherenkov Telescope Array CTA , An Advanced Facility for Ground-Based High-Energy Gamma-Ray Astronomy}},
url = {https://arxiv.org/pdf/1008.3703.pdf},
year = {2012}
}

@article{NextGen,
Author = {Stefano Vercellone and for the CTA Consortium},
Title = {The next generation Cherenkov Telescope Array observatory: CTA},
Year = {2014},
Eprint = {arXiv:1405.5696},
Doi = {10.1016/j.nima.2014.04.015},
}
